@inproceedings{goldberg2014alleles,
    title={Alleles, loci, and the traveling salesman problem},
    author={Goldberg, David E and Lingle, Robert},
    pages={154--159},
    booktitle={Proceedings of the first international conference on genetic algorithms and their applications},
    year={2014},
    organization={Psychology Press}
}

% Related work stuff
@phdthesis{svigelj2019, 
title={Optimizacija razporeditve tipk tipkovnice za pisanje slovenskega besedila}, 
url={https://repozitorij.uni-lj.si/IzpisGradiva.php?lang=eng&id=110203}, 
author={Švigelj, Mihael}, 
year={2019}}

@INPROCEEDINGS{NiAz2021,
author={Nivasch, Keren and Azaria, Amos},
booktitle={2021 IEEE 33rd International Conference on Tools with Artificial Intelligence (ICTAI)}, 
title={A Deep Genetic Method for Keyboard Layout Optimization}, 
year={2021},
pages={435-441},
doi={10.1109/ICTAI52525.2021.00070}}

@article{NiAz2023,
title={Keyboard Layout Optimization and Adaptation},
author={Nivasch, Keren and Azaria, Amos},
journal={International Journal on Artificial Intelligence Tools},
volume={32},
number={05},
pages={2360002},
year={2023},
publisher={World Scientific Publishing Company}
}

@article{onsorodi2020,
title={Application of a genetic algorithm to the keyboard layout problem},
author={Onsorodi, Amir Hosein Habibi and Korhan, Orhan},
journal={PloS one},
volume={15},
number={1},
pages={e0226611},
year={2020},
publisher={Public Library of Science San Francisco, CA USA}
}

@inproceedings{KhDe2023,
author = {Khan, Ahmer and Deb, Kalyanmoy},
title = {Optimizing Keyboard Configuration Using Single and Multi-Objective Evolutionary Algorithms},
year = {2023},
isbn = {9798400701207},
publisher = {Association for Computing Machinery},
address = {New York, NY, USA},
url = {https://doi.org/10.1145/3583133.3590580},
doi = {10.1145/3583133.3590580},
booktitle = {Proceedings of the Companion Conference on Genetic and Evolutionary Computation},
pages = {219–222},
numpages = {4},
keywords = {combinatorial optimization, keyboard layout, multi-objective optimization},
location = {Lisbon, Portugal},
series = {GECCO '23 Companion}
}

@inproceedings{eniac,
 author = {Gustavo Pacheco and Eduardo Palmeira and Keiji Yamanaka},
 title = { Using Genetic Algorithms to Design an Optimized Keyboard Layout for Brazilian Portuguese},
 booktitle = {Anais do XVII Encontro Nacional de Inteligência Artificial e Computacional},
 location = {Evento Online},
 year = {2020},
 keywords = {},
 issn = {2763-9061},
 pages = {437--448},
 publisher = {SBC},
 address = {Porto Alegre, RS, Brasil},
 doi = {10.5753/eniac.2020.12149},
 url = {https://sol.sbc.org.br/index.php/eniac/article/view/12149}
}

@article{ChCh2013,
author = {Chen Liao and Pilsung Choe},
title = {Chinese Keyboard Layout Design Based on Polyphone Disambiguation and a Genetic Algorithm},
journal = {International Journal of Human–Computer Interaction},
volume = {29},
number = {6},
pages = {391--403},
year = {2013},
publisher = {Taylor \& Francis},
doi = {10.1080/10447318.2013.777827},
}